<record><leader>00000cas a22000007a 4500</leader><controlfield tag="001">14262885</controlfield><controlfield tag="008">860925d18891916pauwr ne      0   a0eng d</controlfield><datafield ind1=" " ind2=" " tag="010"><subfield code="a">sn 86083274 </subfield></datafield><datafield ind1=" " ind2=" " tag="040"><subfield code="a">NPH</subfield><subfield code="b">eng</subfield><subfield code="c">NPH</subfield><subfield code="d">OCLCQ</subfield><subfield code="d">DLC</subfield><subfield code="d">OCLCF</subfield></datafield><datafield ind1="0" ind2=" " tag="022"><subfield code="a">2376-3469</subfield><subfield code="2">1</subfield></datafield><datafield ind1=" " ind2=" " tag="042"><subfield code="a">msc</subfield><subfield code="a">nsdp</subfield></datafield><datafield ind1=" " ind2=" " tag="043"><subfield code="a">n-us-pa</subfield></datafield><datafield ind1="0" ind2="0" tag="050"><subfield code="a">Newspaper</subfield></datafield><datafield ind1="0" ind2="0" tag="082"><subfield code="a">071</subfield><subfield code="2">23</subfield></datafield><datafield ind1=" " ind2="0" tag="222"><subfield code="a">Johnstown weekly Democrat</subfield><subfield code="b">(Print)</subfield></datafield><datafield ind1="0" ind2="0" tag="245"><subfield code="a">Johnstown weekly Democrat.</subfield></datafield><datafield ind1="3" ind2="0" tag="246"><subfield code="a">Johnstown Democrat</subfield></datafield><datafield ind1="3" ind2="0" tag="246"><subfield code="a">Weekly Democrat</subfield></datafield><datafield ind1="3" ind2="0" tag="246"><subfield code="a">Democrat</subfield></datafield><datafield ind1=" " ind2=" " tag="260"><subfield code="a">Johnstown, Cambria County, Pa. :</subfield><subfield code="b">L.D. Woodruff</subfield></datafield><datafield ind1=" " ind2=" " tag="300"><subfield code="a">v. :</subfield><subfield code="b">ill. ;</subfield><subfield code="c">57 cm.</subfield></datafield><datafield ind1=" " ind2=" " tag="310"><subfield code="a">Weekly</subfield></datafield><datafield ind1="1" ind2=" " tag="362"><subfield code="a">Ceased in 1916.</subfield><subfield code="z">Cf. Gregory, W. Pa. newspapers.</subfield></datafield><datafield ind1="1" ind2=" " tag="362"><subfield code="a">Began in 1889?</subfield></datafield><datafield ind1=" " ind2=" " tag="530"><subfield code="a">Archived issues are available in digital format from the Library of Congress Chronicling America online collection.</subfield></datafield><datafield ind1=" " ind2=" " tag="580"><subfield code="a">Issued also in daily editions called: Johnstown daily Democrat &lt;1888&gt;-Sept. 13, 1894; and: Johnstown Democrat (Johnstown, Pa. : Daily), Sept. 14, 1894-Sept. 6. 1952.</subfield></datafield><datafield ind1=" " ind2=" " tag="588"><subfield code="a">Description based on: Vol. 27, no. 1 (Mar. 15, 1889).</subfield></datafield><datafield ind1=" " ind2="0" tag="651"><subfield code="a">Johnstown (Cambria County, Pa.)</subfield><subfield code="v">Newspapers.</subfield></datafield><datafield ind1=" " ind2="7" tag="655"><subfield code="a">Newspapers.</subfield><subfield code="2">fast</subfield><subfield code="0">(OCoLC)fst01423814</subfield></datafield><datafield ind1=" " ind2="7" tag="651"><subfield code="a">Pennsylvania</subfield><subfield code="z">Johnstown (Cambria County)</subfield><subfield code="2">fast</subfield><subfield code="0">(OCoLC)fst01719818</subfield></datafield><datafield ind1=" " ind2=" " tag="752"><subfield code="a">United States</subfield><subfield code="b">Pennsylvania</subfield><subfield code="c">Cambria</subfield><subfield code="d">Johnstown.</subfield></datafield><datafield ind1="1" ind2=" " tag="775"><subfield code="t">Johnstown daily Democrat</subfield><subfield code="w">(DLC)sn 87079970</subfield><subfield code="w">(OCoLC)2262946</subfield></datafield><datafield ind1="1" ind2=" " tag="775"><subfield code="t">Johnstown Democrat (Johnstown, Pa. : Daily)</subfield><subfield code="w">(DLC)sn 87079968</subfield><subfield code="w">(OCoLC)15162163</subfield></datafield><datafield ind1="0" ind2="8" tag="776"><subfield code="i">Online version:</subfield><subfield code="t">Johnstown weekly Democrat</subfield><subfield code="x">2376-3477</subfield><subfield code="w">(DLC)  2014218820</subfield><subfield code="w">(OCoLC)897357775</subfield></datafield><datafield ind1="0" ind2="0" tag="780"><subfield code="t">Johnstown Democrat (Johnstown, Pa. : Weekly)</subfield><subfield code="w">(DLC)sn 83032210</subfield><subfield code="w">(OCoLC)2262947</subfield></datafield><datafield ind1="4" ind2="1" tag="856"><subfield code="u">http://www.loc.gov/chroniclingamerica/lccn/sn86083274/issues</subfield></datafield></record>